% Articles
@article{nash51,
  author = "Nash, John",
  title = "Non-cooperative Games",
  journal = "Annals of Mathematics",
  year = 1951,
  volume = "54",
  number = "2",
  pages = "286--295"
}

@article{cohen63,
  author = "P. J. Cohen",
  title = "The independence of the continuum hypothesis",
  journal = "Proceedings of the National Academy of Sciences",
  year = 1963,
  volume = "50",
  number = "6",
  pages = "1143--1148"
}

% Books
@book{hawking1988,
  title = "A Brief History of Time: From the {B}ig {B}ang to Black Holes",
  author = "Hawking, Stephen",
  year = 1988,
  publisher = "Bantam",
  address = "London"
}

@book{texbook,
  author = {Donald E. Knuth},
  year = {1986},
  title = {The {\TeX} Book},
  publisher = {Addison-Wesley Professional}
}

% Book Chapters
@inbook{urry2016,
  author = "Lisa A. Urry and Michael L. Cain and Steven A. Wasserman and Peter V. Minorsky and Jane B. Reece",
  title = "Photosynthesis",
  booktitle = "Campbell Biology",
  year = "2016",
  publisher = "Pearson",
  address = "New York, NY",
  pages = "187--221"
}

% Conference Papers
@inproceedings{lesk1977,
  title = {Computer Typesetting of Technical Journals on {UNIX}},
  author = {Michael Lesk and Brian Kernighan},
  booktitle = {Proceedings of American Federation of Information Processing Societies: 1977 National Computer Conference},
  pages = {879--888},
  year = {1977},
  address = {Dallas, Texas}
}

% Technical Reports
@techreport{wasatch2018,
  title = "{W}asatch {S}olar {P}roject Final Report",
  author = "Bennett, Vicki and Bowman, Kate and Wright, Sarah",
  institution = "Salt Lake City Corporation",
  address = "Salt Lake City, UT",
  number = "DOE-SLC-6903-1",
  year = 2018,
  month = sep
}

% Theses and Dissertations
@phdthesis{rempel1956,
  author = "Rempel, Robert Charles",
  title = "Relaxation Effects for Coupled Nuclear Spins",
  school = "Stanford University",
  address = "Stanford, CA",
  year = 1956,
  month = jun
}

@mastersthesis{alsolami2012,
  title = {An examination of keystroke dynamics for continuous user authentication},
  school = {Queensland University of Technology},
  author = {Eesa Alsolami},
  year = {2012}
}

% Manuals
@manual{texbook_manual,
  title = "The {\TeX} Book",
  author = {Donald E. Knuth},
  organization = "Addison-Wesley Professional",
  year = 1986
}

% Booklets
@booklet{swetla2015,
  title = "Canoe tours in {S}weden",
  author = "Maria Swetla",
  howpublished = "Distributed at the Stockholm Tourist Office",
  month = jul,
  year = 2015
}

% Websites
@misc{nasa2015,
  title = "Pluto: The 'Other' Red Planet",
  author = "{NASA}",
  howpublished = "\url{https://www.nasa.gov/nh/pluto-the-other-red-planet}",
  year = 2015,
  note = "Accessed: 2018-12-06"
}

% Online Articles
@online{doe2022,
  author = "Jane Doe",
  title = "Advancements in AI",
  year = 2022,
  url = "https://example.com/ai-advancements"
}

% YouTube Videos
@misc{doe2021,
  author = "John Doe",
  title = "Introduction to Quantum Mechanics",
  howpublished = "\url{https://www.youtube.com/watch?v=example}",
  year = 2021,
  note = "Accessed: 2022-01-01"
}

% Blogs and Personal Websites
@misc{smith2020,
  author = "Jane Smith",
  title = "My Research Journey",
  howpublished = "\url{https://janesmithblog.com/research-journey}",
  year = 2020,
  note = "Accessed: 2021-12-01"
}

% Social Media Posts
@misc{doe_twitter2021,
  author = "John Doe",
  title = "Tweet about AI",
  howpublished = "\url{https://twitter.com/johndoe/status/1234567890}",
  year = 2021,
  note = "Accessed: 2021-12-01"
}

% Newspaper Articles
@article{doe2021_newspaper,
  author = "Jane Doe",
  title = "Breakthrough in Renewable Energy",
  journal = "The Daily News",
  year = 2021,
  month = jan,
  pages = "A1, A3"
}

% Magazine Articles
@article{smith2020_magazine,
  author = "John Smith",
  title = "The Future of Space Travel",
  journal = "Space Magazine",
  year = 2020,
  month = feb,
  pages = "45-50"
}

% Government Reports
@techreport{epa2019,
  title = "Climate Change Impact Report",
  author = "Environmental Protection Agency",
  year = 2019,
  month = mar
}

% Encyclopedias
@incollection{doe2020_encyclopedia,
  author = "Jane Doe",
  title = "Quantum Computing",
  booktitle = "Encyclopedia of Computer Science",
  publisher = "Tech Press",
  year = 2020,
  pages = "123-130"
}

% Patents
@patent{doe2021_patent,
  author = "John Doe",
  title = "Quantum Processor",
  year = 2021,
  number = "US1234567A"
}

% Datasets
@misc{doe2020_dataset,
  author = "Jane Doe",
  title = "Climate Data 2020",
  howpublished = "\url{https://datarepository.com/climate2020}",
  year = 2020,
  note = "Accessed: 2021-12-01"
}

% Interviews
@misc{doe2021_interview,
  author = "John Doe",
  title = "Interview with Jane Smith",
  year = 2021,
  note = "Conducted on 2021-01-01"
}

% Lecture Notes
@misc{doe2021_lecture,
  author = "Professor John Doe",
  title = "Lecture on Quantum Mechanics",
  year = 2021,
  note = "Lecture notes from Quantum Mechanics 101"
}

% Datasheet for SN7404
@manual{sn7404_datasheet,
  title = "SN7404 Hex Inverter Datasheet",
  author = "{Texas Instruments}",
  year = 2024,
  month = {May},
  note = "Accessed: 2024-05-27",
  url = "http://www.ti.com/lit/ds/symlink/sn7404.pdf"
}

% Dr. Seuss Books
@book{seuss_cat_hat,
  author = "Dr. Seuss",
  title = "The Cat in the Hat",
  year = 1957,
  publisher = "Random House",
  address = "New York, NY"
}

@book{seuss_green_eggs,
  author = "Dr. Seuss",
  title = "Green Eggs and Ham",
  year = 1960,
  publisher = "Random House",
  address = "New York, NY"
}

@book{seuss_fox_sox,
  author = "Dr. Seuss",
  title = "Fox in Socks",
  year = 1965,
  publisher = "Random House",
  address = "New York, NY"
}

@book{seuss_one_fish,
  author = "Dr. Seuss",
  title = "One Fish Two Fish Red Fish Blue Fish",
  year = 1960,
  publisher = "Random House",
  address = "New York, NY"
}


