@article{navaneethakkannan2013,
  author = {C. Navaneethakkannan and M. Sudha},
  journal = {IEEE},
  title = {A simple method of tuning PID controllers for BLDC motor},
  year = {2013},
  doi = {10.1109/isco.2013.6481134}
}

@thesis{yeung2014,
  author = {Man-Fat Yeung},
  title = {Automatic design of fuzzy PID controllers},
  school = {The Hong Kong University of Science and Technology Library},
  year = {2014},
  doi = {10.14711/thesis-b679890}
}

@book{wang2012,
  author = {Wei Wang},
  title = {The New Design Strategy on PID Controllers},
  publisher = {InTech},
  year = {2012},
  doi = {10.5772/34670}
}

